<?xml version="1.0" encoding="UTF-8" ?><marc:record xmlns:marc="http://www.loc.gov/MARC21/slim"><marc:leader>00468nam a2200157   4500</marc:leader><marc:controlfield tag="001">1002163</marc:controlfield><marc:controlfield tag="008">100120s1839        enk       |00|| und d</marc:controlfield><marc:datafield tag="100" ind1="1" ind2=" "><marc:subfield code="a">Yarrell, William.</marc:subfield></marc:datafield><marc:datafield tag="245" ind1="1" ind2="2"><marc:subfield code="a">A history of British birds.</marc:subfield></marc:datafield><marc:datafield tag="260" ind1=" " ind2=" "><marc:subfield code="a">London :</marc:subfield><marc:subfield code="b">John Van Voorst,</marc:subfield><marc:subfield code="c">1839.</marc:subfield></marc:datafield><marc:datafield tag="300" ind1=" " ind2=" "><marc:subfield code="a">vol. 1</marc:subfield></marc:datafield><marc:datafield tag="500" ind1=" " ind2=" "><marc:subfield code="a">Inscription 14 June 1839.</marc:subfield></marc:datafield><marc:datafield tag="500" ind1=" " ind2=" "><marc:subfield code="a">Location: Cambridge.</marc:subfield></marc:datafield><marc:datafield tag="500" ind1=" " ind2=" "><marc:subfield code="a">Identifier: Yarrell1839ky79A.</marc:subfield></marc:datafield><marc:datafield tag="500" ind1=" " ind2=" "><marc:subfield code="a">Public number: 1471.</marc:subfield></marc:datafield><marc:datafield tag="561" ind1=" " ind2=" "><marc:subfield code="a">From the library of Charles Darwin.</marc:subfield></marc:datafield></marc:record>